%YAML 1.1
%TAG !u! tag:unity3d.com,2011:
--- !u!1 &7046298114728489687
GameObject:
  m_ObjectHideFlags: 0
  m_CorrespondingSourceObject: {fileID: 0}
  m_PrefabInstance: {fileID: 0}
  m_PrefabAsset: {fileID: 0}
  serializedVersion: 6
  m_Component:
  - component: {fileID: 1254630187230950437}
  - component: {fileID: 2786144731849574192}
  - component: {fileID: 4041358742575430695}
  - component: {fileID: 5883989377079792772}
  - component: {fileID: 7390212769820436864}
  - component: {fileID: 15894870895873571}
  - component: {fileID: -7888030432995130835}
  - component: {fileID: 9077356317652862083}
  - component: {fileID: 7342912988610968596}
  - component: {fileID: 6939901605757594412}
  - component: {fileID: -788864068927669607}
  m_Layer: 6
  m_Name: Archer
  m_TagString: Player
  m_Icon: {fileID: 0}
  m_NavMeshLayer: 0
  m_StaticEditorFlags: 0
  m_IsActive: 1
--- !u!4 &1254630187230950437
Transform:
  m_ObjectHideFlags: 0
  m_CorrespondingSourceObject: {fileID: 0}
  m_PrefabInstance: {fileID: 0}
  m_PrefabAsset: {fileID: 0}
  m_GameObject: {fileID: 7046298114728489687}
  m_LocalRotation: {x: 0, y: 0, z: 0, w: 1}
  m_LocalPosition: {x: 0.007, y: -0.27804816, z: 1}
  m_LocalScale: {x: 1, y: 1, z: 10}
  m_ConstrainProportionsScale: 0
  m_Children:
  - {fileID: 4594974606028920229}
  m_Father: {fileID: 0}
  m_RootOrder: 0
  m_LocalEulerAnglesHint: {x: 0, y: 0, z: 0}
--- !u!212 &2786144731849574192
SpriteRenderer:
  m_ObjectHideFlags: 0
  m_CorrespondingSourceObject: {fileID: 0}
  m_PrefabInstance: {fileID: 0}
  m_PrefabAsset: {fileID: 0}
  m_GameObject: {fileID: 7046298114728489687}
  m_Enabled: 1
  m_CastShadows: 0
  m_ReceiveShadows: 0
  m_DynamicOccludee: 1
  m_StaticShadowCaster: 0
  m_MotionVectors: 1
  m_LightProbeUsage: 1
  m_ReflectionProbeUsage: 1
  m_RayTracingMode: 0
  m_RayTraceProcedural: 0
  m_RenderingLayerMask: 1
  m_RendererPriority: 0
  m_Materials:
  - {fileID: 2100000, guid: a97c105638bdf8b4a8650670310a4cd3, type: 2}
  m_StaticBatchInfo:
    firstSubMesh: 0
    subMeshCount: 0
  m_StaticBatchRoot: {fileID: 0}
  m_ProbeAnchor: {fileID: 0}
  m_LightProbeVolumeOverride: {fileID: 0}
  m_ScaleInLightmap: 1
  m_ReceiveGI: 1
  m_PreserveUVs: 0
  m_IgnoreNormalsForChartDetection: 0
  m_ImportantGI: 0
  m_StitchLightmapSeams: 1
  m_SelectedEditorRenderState: 0
  m_MinimumChartSize: 4
  m_AutoUVMaxDistance: 0.5
  m_AutoUVMaxAngle: 89
  m_LightmapParameters: {fileID: 0}
  m_SortingLayerID: 0
  m_SortingLayer: 0
  m_SortingOrder: 0
  m_Sprite: {fileID: -2413806693520163455, guid: a86470a33a6bf42c4b3595704624658b, type: 3}
  m_Color: {r: 0.3301868, g: 0.9245283, b: 0.13519046, a: 1}
  m_FlipX: 0
  m_FlipY: 0
  m_DrawMode: 0
  m_Size: {x: 1, y: 1}
  m_AdaptiveModeThreshold: 0.5
  m_SpriteTileMode: 0
  m_WasSpriteAssigned: 1
  m_MaskInteraction: 0
  m_SpriteSortPoint: 0
--- !u!114 &4041358742575430695
MonoBehaviour:
  m_ObjectHideFlags: 0
  m_CorrespondingSourceObject: {fileID: 0}
  m_PrefabInstance: {fileID: 0}
  m_PrefabAsset: {fileID: 0}
  m_GameObject: {fileID: 7046298114728489687}
  m_Enabled: 1
  m_EditorHideFlags: 0
  m_Script: {fileID: 11500000, guid: 024ee466a05b11b4da474c7b848be659, type: 3}
  m_Name: 
  m_EditorClassIdentifier: 
  pInputAsset: {fileID: -944628639613478452, guid: 210de74cf06e3a349b37f9f7bc889038, type: 3}
  playerType: 0
--- !u!114 &5883989377079792772
MonoBehaviour:
  m_ObjectHideFlags: 0
  m_CorrespondingSourceObject: {fileID: 0}
  m_PrefabInstance: {fileID: 0}
  m_PrefabAsset: {fileID: 0}
  m_GameObject: {fileID: 7046298114728489687}
  m_Enabled: 1
  m_EditorHideFlags: 0
  m_Script: {fileID: 11500000, guid: 1c3da5e26df44984dbcd24f6774c9941, type: 3}
  m_Name: 
  m_EditorClassIdentifier: 
  onJStatsChange: {fileID: 11400000, guid: e15878c4b41f1d9498bf71af9c19a246, type: 2}
--- !u!114 &7390212769820436864
MonoBehaviour:
  m_ObjectHideFlags: 0
  m_CorrespondingSourceObject: {fileID: 0}
  m_PrefabInstance: {fileID: 0}
  m_PrefabAsset: {fileID: 0}
  m_GameObject: {fileID: 7046298114728489687}
  m_Enabled: 1
  m_EditorHideFlags: 0
  m_Script: {fileID: 11500000, guid: 8af6959954e436d40892e5c1cc9e6457, type: 3}
  m_Name: 
  m_EditorClassIdentifier: 
  speed: 3
--- !u!114 &15894870895873571
MonoBehaviour:
  m_ObjectHideFlags: 0
  m_CorrespondingSourceObject: {fileID: 0}
  m_PrefabInstance: {fileID: 0}
  m_PrefabAsset: {fileID: 0}
  m_GameObject: {fileID: 7046298114728489687}
  m_Enabled: 1
  m_EditorHideFlags: 0
  m_Script: {fileID: 11500000, guid: fe5bb435d7a01c9478f0689496842498, type: 3}
  m_Name: 
  m_EditorClassIdentifier: 
  _arrow: {fileID: 8200489081441700664, guid: f105e90e3afd3d14aa898d1aadfce923, type: 3}
  OnJStatsChange: {fileID: 11400000, guid: e15878c4b41f1d9498bf71af9c19a246, type: 2}
--- !u!114 &-7888030432995130835
MonoBehaviour:
  m_ObjectHideFlags: 0
  m_CorrespondingSourceObject: {fileID: 0}
  m_PrefabInstance: {fileID: 0}
  m_PrefabAsset: {fileID: 0}
  m_GameObject: {fileID: 7046298114728489687}
  m_Enabled: 1
  m_EditorHideFlags: 0
  m_Script: {fileID: 11500000, guid: edd427227b8d5f74eab51f297a7087cd, type: 3}
  m_Name: 
  m_EditorClassIdentifier: 
  m_playerData: {fileID: 0}
  onJStatsChange: {fileID: 11400000, guid: e15878c4b41f1d9498bf71af9c19a246, type: 2}
  regen: 10
--- !u!114 &9077356317652862083
MonoBehaviour:
  m_ObjectHideFlags: 0
  m_CorrespondingSourceObject: {fileID: 0}
  m_PrefabInstance: {fileID: 0}
  m_PrefabAsset: {fileID: 0}
  m_GameObject: {fileID: 7046298114728489687}
  m_Enabled: 1
  m_EditorHideFlags: 0
  m_Script: {fileID: 11500000, guid: 7751cc1d6b7149c8b157b421a734fc52, type: 3}
  m_Name: 
  m_EditorClassIdentifier: 
  m_Inventory: {fileID: 0}
  onIndexChange: {fileID: 0}
  onInventoryUpdate: {fileID: 11400000, guid: 468c6e68949d6b34487ecc05fcb0282d, type: 2}
--- !u!50 &7342912988610968596
Rigidbody2D:
  serializedVersion: 4
  m_ObjectHideFlags: 0
  m_CorrespondingSourceObject: {fileID: 0}
  m_PrefabInstance: {fileID: 0}
  m_PrefabAsset: {fileID: 0}
  m_GameObject: {fileID: 7046298114728489687}
  m_BodyType: 0
  m_Simulated: 1
  m_UseFullKinematicContacts: 0
  m_UseAutoMass: 0
  m_Mass: 1
  m_LinearDrag: 3
  m_AngularDrag: 0
  m_GravityScale: 0
  m_Material: {fileID: 0}
  m_IncludeLayers:
    serializedVersion: 2
    m_Bits: 0
  m_ExcludeLayers:
    serializedVersion: 2
    m_Bits: 0
  m_Interpolate: 0
  m_SleepingMode: 1
  m_CollisionDetection: 0
  m_Constraints: 4
--- !u!58 &6939901605757594412
CircleCollider2D:
  m_ObjectHideFlags: 0
  m_CorrespondingSourceObject: {fileID: 0}
  m_PrefabInstance: {fileID: 0}
  m_PrefabAsset: {fileID: 0}
  m_GameObject: {fileID: 7046298114728489687}
  m_Enabled: 1
  m_Density: 1
  m_Material: {fileID: 0}
  m_IncludeLayers:
    serializedVersion: 2
    m_Bits: 0
  m_ExcludeLayers:
    serializedVersion: 2
    m_Bits: 0
  m_LayerOverridePriority: 0
  m_ForceSendLayers:
    serializedVersion: 2
    m_Bits: 4294967295
  m_ForceReceiveLayers:
    serializedVersion: 2
    m_Bits: 4294967295
  m_ContactCaptureLayers:
    serializedVersion: 2
    m_Bits: 4294967295
  m_CallbackLayers:
    serializedVersion: 2
    m_Bits: 4294967295
  m_IsTrigger: 0
  m_UsedByEffector: 0
  m_UsedByComposite: 0
  m_Offset: {x: 0, y: 0}
  serializedVersion: 2
  m_Radius: 0.5
--- !u!114 &-788864068927669607
MonoBehaviour:
  m_ObjectHideFlags: 0
  m_CorrespondingSourceObject: {fileID: 0}
  m_PrefabInstance: {fileID: 0}
  m_PrefabAsset: {fileID: 0}
  m_GameObject: {fileID: 7046298114728489687}
  m_Enabled: 1
  m_EditorHideFlags: 0
  m_Script: {fileID: 11500000, guid: 11f88517908f2624ea324759aeeccb28, type: 3}
  m_Name: 
  m_EditorClassIdentifier: 
  Event: {fileID: 11400000, guid: 28668bbc904cc4646a378cddfe51c709, type: 2}
  Response:
    m_PersistentCalls:
      m_Calls:
      - m_Target: {fileID: 4041358742575430695}
        m_TargetAssemblyTypeName: Jugador.JController, Assembly-CSharp
        m_MethodName: Unsubscribe
        m_Mode: 0
        m_Arguments:
          m_ObjectArgument: {fileID: 0}
          m_ObjectArgumentAssemblyTypeName: UnityEngine.Object, UnityEngine
          m_IntArgument: 0
          m_FloatArgument: 0
          m_StringArgument: 
          m_BoolArgument: 0
        m_CallState: 2
--- !u!1001 &6006375657029231349
PrefabInstance:
  m_ObjectHideFlags: 0
  serializedVersion: 2
  m_Modification:
    serializedVersion: 3
    m_TransformParent: {fileID: 1254630187230950437}
    m_Modifications:
    - target: {fileID: 1679281492223427060, guid: 0b9d33af9809a234f939697151577620, type: 3}
      propertyPath: m_Name
      value: Lantern
      objectReference: {fileID: 0}
    - target: {fileID: 7826780997328615248, guid: 0b9d33af9809a234f939697151577620, type: 3}
      propertyPath: m_RootOrder
      value: -1
      objectReference: {fileID: 0}
    - target: {fileID: 7826780997328615248, guid: 0b9d33af9809a234f939697151577620, type: 3}
      propertyPath: m_LocalPosition.x
      value: 0
      objectReference: {fileID: 0}
    - target: {fileID: 7826780997328615248, guid: 0b9d33af9809a234f939697151577620, type: 3}
      propertyPath: m_LocalPosition.y
      value: 0
      objectReference: {fileID: 0}
    - target: {fileID: 7826780997328615248, guid: 0b9d33af9809a234f939697151577620, type: 3}
      propertyPath: m_LocalPosition.z
      value: 0
      objectReference: {fileID: 0}
    - target: {fileID: 7826780997328615248, guid: 0b9d33af9809a234f939697151577620, type: 3}
      propertyPath: m_LocalRotation.w
      value: 0.9999989
      objectReference: {fileID: 0}
    - target: {fileID: 7826780997328615248, guid: 0b9d33af9809a234f939697151577620, type: 3}
      propertyPath: m_LocalRotation.x
      value: -0
      objectReference: {fileID: 0}
    - target: {fileID: 7826780997328615248, guid: 0b9d33af9809a234f939697151577620, type: 3}
      propertyPath: m_LocalRotation.y
      value: -0
      objectReference: {fileID: 0}
    - target: {fileID: 7826780997328615248, guid: 0b9d33af9809a234f939697151577620, type: 3}
      propertyPath: m_LocalRotation.z
      value: -0.0014714558
      objectReference: {fileID: 0}
    - target: {fileID: 7826780997328615248, guid: 0b9d33af9809a234f939697151577620, type: 3}
      propertyPath: m_LocalEulerAnglesHint.x
      value: 0
      objectReference: {fileID: 0}
    - target: {fileID: 7826780997328615248, guid: 0b9d33af9809a234f939697151577620, type: 3}
      propertyPath: m_LocalEulerAnglesHint.y
      value: 0
      objectReference: {fileID: 0}
    - target: {fileID: 7826780997328615248, guid: 0b9d33af9809a234f939697151577620, type: 3}
      propertyPath: m_LocalEulerAnglesHint.z
      value: 0
      objectReference: {fileID: 0}
    m_RemovedComponents: []
    m_RemovedGameObjects: []
    m_AddedGameObjects: []
    m_AddedComponents: []
  m_SourcePrefab: {fileID: 100100000, guid: 0b9d33af9809a234f939697151577620, type: 3}
--- !u!4 &4594974606028920229 stripped
Transform:
  m_CorrespondingSourceObject: {fileID: 7826780997328615248, guid: 0b9d33af9809a234f939697151577620, type: 3}
  m_PrefabInstance: {fileID: 6006375657029231349}
  m_PrefabAsset: {fileID: 0}
