%YAML 1.1
%TAG !u! tag:unity3d.com,2011:
--- !u!1 &414091280302403808
GameObject:
  m_ObjectHideFlags: 0
  m_CorrespondingSourceObject: {fileID: 0}
  m_PrefabInstance: {fileID: 0}
  m_PrefabAsset: {fileID: 0}
  serializedVersion: 6
  m_Component:
  - component: {fileID: 8439473693704746514}
  - component: {fileID: 4817726530381661447}
  - component: {fileID: 2922733167916840609}
  - component: {fileID: 831795542930277821}
  - component: {fileID: 214220349327567799}
  - component: {fileID: 6814355417044526235}
  - component: {fileID: 3368547063397429729}
  - component: {fileID: 6983138032793702455}
  - component: {fileID: 112901613381074467}
  - component: {fileID: 304314736579684635}
  - component: {fileID: -795823763963363052}
  m_Layer: 6
  m_Name: Mag
  m_TagString: Player
  m_Icon: {fileID: 0}
  m_NavMeshLayer: 0
  m_StaticEditorFlags: 0
  m_IsActive: 1
--- !u!4 &8439473693704746514
Transform:
  m_ObjectHideFlags: 0
  m_CorrespondingSourceObject: {fileID: 0}
  m_PrefabInstance: {fileID: 0}
  m_PrefabAsset: {fileID: 0}
  m_GameObject: {fileID: 414091280302403808}
  m_LocalRotation: {x: 0, y: 0, z: 0, w: 1}
  m_LocalPosition: {x: 1.7970209, y: -0.27804816, z: 1}
  m_LocalScale: {x: 1, y: 1, z: 10}
  m_ConstrainProportionsScale: 0
  m_Children:
  - {fileID: 6158906247750154521}
  m_Father: {fileID: 0}
  m_RootOrder: 0
  m_LocalEulerAnglesHint: {x: 0, y: 0, z: 0}
--- !u!212 &4817726530381661447
SpriteRenderer:
  m_ObjectHideFlags: 0
  m_CorrespondingSourceObject: {fileID: 0}
  m_PrefabInstance: {fileID: 0}
  m_PrefabAsset: {fileID: 0}
  m_GameObject: {fileID: 414091280302403808}
  m_Enabled: 1
  m_CastShadows: 0
  m_ReceiveShadows: 0
  m_DynamicOccludee: 1
  m_StaticShadowCaster: 0
  m_MotionVectors: 1
  m_LightProbeUsage: 1
  m_ReflectionProbeUsage: 1
  m_RayTracingMode: 0
  m_RayTraceProcedural: 0
  m_RenderingLayerMask: 1
  m_RendererPriority: 0
  m_Materials:
  - {fileID: 2100000, guid: a97c105638bdf8b4a8650670310a4cd3, type: 2}
  m_StaticBatchInfo:
    firstSubMesh: 0
    subMeshCount: 0
  m_StaticBatchRoot: {fileID: 0}
  m_ProbeAnchor: {fileID: 0}
  m_LightProbeVolumeOverride: {fileID: 0}
  m_ScaleInLightmap: 1
  m_ReceiveGI: 1
  m_PreserveUVs: 0
  m_IgnoreNormalsForChartDetection: 0
  m_ImportantGI: 0
  m_StitchLightmapSeams: 1
  m_SelectedEditorRenderState: 0
  m_MinimumChartSize: 4
  m_AutoUVMaxDistance: 0.5
  m_AutoUVMaxAngle: 89
  m_LightmapParameters: {fileID: 0}
  m_SortingLayerID: 0
  m_SortingLayer: 0
  m_SortingOrder: 0
  m_Sprite: {fileID: -2413806693520163455, guid: a86470a33a6bf42c4b3595704624658b, type: 3}
  m_Color: {r: 0, g: 0.6942835, b: 1, a: 1}
  m_FlipX: 0
  m_FlipY: 0
  m_DrawMode: 0
  m_Size: {x: 1, y: 1}
  m_AdaptiveModeThreshold: 0.5
  m_SpriteTileMode: 0
  m_WasSpriteAssigned: 1
  m_MaskInteraction: 0
  m_SpriteSortPoint: 0
--- !u!114 &2922733167916840609
MonoBehaviour:
  m_ObjectHideFlags: 0
  m_CorrespondingSourceObject: {fileID: 0}
  m_PrefabInstance: {fileID: 0}
  m_PrefabAsset: {fileID: 0}
  m_GameObject: {fileID: 414091280302403808}
  m_Enabled: 1
  m_EditorHideFlags: 0
  m_Script: {fileID: 11500000, guid: 024ee466a05b11b4da474c7b848be659, type: 3}
  m_Name: 
  m_EditorClassIdentifier: 
  pInputAsset: {fileID: -944628639613478452, guid: 210de74cf06e3a349b37f9f7bc889038, type: 3}
  playerType: 0
--- !u!114 &831795542930277821
MonoBehaviour:
  m_ObjectHideFlags: 0
  m_CorrespondingSourceObject: {fileID: 0}
  m_PrefabInstance: {fileID: 0}
  m_PrefabAsset: {fileID: 0}
  m_GameObject: {fileID: 414091280302403808}
  m_Enabled: 1
  m_EditorHideFlags: 0
  m_Script: {fileID: 11500000, guid: 1c3da5e26df44984dbcd24f6774c9941, type: 3}
  m_Name: 
  m_EditorClassIdentifier: 
  onJStatsChange: {fileID: 11400000, guid: e15878c4b41f1d9498bf71af9c19a246, type: 2}
--- !u!114 &214220349327567799
MonoBehaviour:
  m_ObjectHideFlags: 0
  m_CorrespondingSourceObject: {fileID: 0}
  m_PrefabInstance: {fileID: 0}
  m_PrefabAsset: {fileID: 0}
  m_GameObject: {fileID: 414091280302403808}
  m_Enabled: 1
  m_EditorHideFlags: 0
  m_Script: {fileID: 11500000, guid: 8af6959954e436d40892e5c1cc9e6457, type: 3}
  m_Name: 
  m_EditorClassIdentifier: 
  speed: 3
--- !u!114 &6814355417044526235
MonoBehaviour:
  m_ObjectHideFlags: 0
  m_CorrespondingSourceObject: {fileID: 0}
  m_PrefabInstance: {fileID: 0}
  m_PrefabAsset: {fileID: 0}
  m_GameObject: {fileID: 414091280302403808}
  m_Enabled: 1
  m_EditorHideFlags: 0
  m_Script: {fileID: 11500000, guid: bc842c40f5d3c6046b35d6df3f88205d, type: 3}
  m_Name: 
  m_EditorClassIdentifier: 
  fireball: {fileID: 2207909807933663446, guid: cb89d6932356c764b8e531b9c8a66bfa, type: 3}
  OnJStatsChange: {fileID: 11400000, guid: e15878c4b41f1d9498bf71af9c19a246, type: 2}
--- !u!114 &3368547063397429729
MonoBehaviour:
  m_ObjectHideFlags: 0
  m_CorrespondingSourceObject: {fileID: 0}
  m_PrefabInstance: {fileID: 0}
  m_PrefabAsset: {fileID: 0}
  m_GameObject: {fileID: 414091280302403808}
  m_Enabled: 1
  m_EditorHideFlags: 0
  m_Script: {fileID: 11500000, guid: 7751cc1d6b7149c8b157b421a734fc52, type: 3}
  m_Name: 
  m_EditorClassIdentifier: 
  m_Inventory: {fileID: 0}
  onIndexChange: {fileID: 0}
  onInventoryUpdate: {fileID: 11400000, guid: 468c6e68949d6b34487ecc05fcb0282d, type: 2}
--- !u!114 &6983138032793702455
MonoBehaviour:
  m_ObjectHideFlags: 0
  m_CorrespondingSourceObject: {fileID: 0}
  m_PrefabInstance: {fileID: 0}
  m_PrefabAsset: {fileID: 0}
  m_GameObject: {fileID: 414091280302403808}
  m_Enabled: 1
  m_EditorHideFlags: 0
  m_Script: {fileID: 11500000, guid: edd427227b8d5f74eab51f297a7087cd, type: 3}
  m_Name: 
  m_EditorClassIdentifier: 
  m_playerData: {fileID: 0}
  onJStatsChange: {fileID: 11400000, guid: e15878c4b41f1d9498bf71af9c19a246, type: 2}
  regen: 10
--- !u!50 &112901613381074467
Rigidbody2D:
  serializedVersion: 4
  m_ObjectHideFlags: 0
  m_CorrespondingSourceObject: {fileID: 0}
  m_PrefabInstance: {fileID: 0}
  m_PrefabAsset: {fileID: 0}
  m_GameObject: {fileID: 414091280302403808}
  m_BodyType: 0
  m_Simulated: 1
  m_UseFullKinematicContacts: 0
  m_UseAutoMass: 0
  m_Mass: 1
  m_LinearDrag: 3
  m_AngularDrag: 0
  m_GravityScale: 0
  m_Material: {fileID: 0}
  m_IncludeLayers:
    serializedVersion: 2
    m_Bits: 0
  m_ExcludeLayers:
    serializedVersion: 2
    m_Bits: 0
  m_Interpolate: 0
  m_SleepingMode: 1
  m_CollisionDetection: 0
  m_Constraints: 4
--- !u!58 &304314736579684635
CircleCollider2D:
  m_ObjectHideFlags: 0
  m_CorrespondingSourceObject: {fileID: 0}
  m_PrefabInstance: {fileID: 0}
  m_PrefabAsset: {fileID: 0}
  m_GameObject: {fileID: 414091280302403808}
  m_Enabled: 1
  m_Density: 1
  m_Material: {fileID: 0}
  m_IncludeLayers:
    serializedVersion: 2
    m_Bits: 0
  m_ExcludeLayers:
    serializedVersion: 2
    m_Bits: 0
  m_LayerOverridePriority: 0
  m_ForceSendLayers:
    serializedVersion: 2
    m_Bits: 4294967295
  m_ForceReceiveLayers:
    serializedVersion: 2
    m_Bits: 4294967295
  m_ContactCaptureLayers:
    serializedVersion: 2
    m_Bits: 4294967295
  m_CallbackLayers:
    serializedVersion: 2
    m_Bits: 4294967295
  m_IsTrigger: 0
  m_UsedByEffector: 0
  m_UsedByComposite: 0
  m_Offset: {x: 0, y: 0}
  serializedVersion: 2
  m_Radius: 0.5
--- !u!114 &-795823763963363052
MonoBehaviour:
  m_ObjectHideFlags: 0
  m_CorrespondingSourceObject: {fileID: 0}
  m_PrefabInstance: {fileID: 0}
  m_PrefabAsset: {fileID: 0}
  m_GameObject: {fileID: 414091280302403808}
  m_Enabled: 1
  m_EditorHideFlags: 0
  m_Script: {fileID: 11500000, guid: 11f88517908f2624ea324759aeeccb28, type: 3}
  m_Name: 
  m_EditorClassIdentifier: 
  Event: {fileID: 11400000, guid: 28668bbc904cc4646a378cddfe51c709, type: 2}
  Response:
    m_PersistentCalls:
      m_Calls:
      - m_Target: {fileID: 2922733167916840609}
        m_TargetAssemblyTypeName: Jugador.JController, Assembly-CSharp
        m_MethodName: Unsubscribe
        m_Mode: 0
        m_Arguments:
          m_ObjectArgument: {fileID: 0}
          m_ObjectArgumentAssemblyTypeName: UnityEngine.Object, UnityEngine
          m_IntArgument: 0
          m_FloatArgument: 0
          m_StringArgument: 
          m_BoolArgument: 0
        m_CallState: 2
--- !u!1001 &4172192806243683913
PrefabInstance:
  m_ObjectHideFlags: 0
  serializedVersion: 2
  m_Modification:
    serializedVersion: 3
    m_TransformParent: {fileID: 8439473693704746514}
    m_Modifications:
    - target: {fileID: 1679281492223427060, guid: 0b9d33af9809a234f939697151577620, type: 3}
      propertyPath: m_Name
      value: Lantern Variant
      objectReference: {fileID: 0}
    - target: {fileID: 7826780997328615248, guid: 0b9d33af9809a234f939697151577620, type: 3}
      propertyPath: m_RootOrder
      value: -1
      objectReference: {fileID: 0}
    - target: {fileID: 7826780997328615248, guid: 0b9d33af9809a234f939697151577620, type: 3}
      propertyPath: m_LocalPosition.x
      value: 0
      objectReference: {fileID: 0}
    - target: {fileID: 7826780997328615248, guid: 0b9d33af9809a234f939697151577620, type: 3}
      propertyPath: m_LocalPosition.y
      value: 0
      objectReference: {fileID: 0}
    - target: {fileID: 7826780997328615248, guid: 0b9d33af9809a234f939697151577620, type: 3}
      propertyPath: m_LocalPosition.z
      value: 0
      objectReference: {fileID: 0}
    - target: {fileID: 7826780997328615248, guid: 0b9d33af9809a234f939697151577620, type: 3}
      propertyPath: m_LocalRotation.w
      value: 0.9999989
      objectReference: {fileID: 0}
    - target: {fileID: 7826780997328615248, guid: 0b9d33af9809a234f939697151577620, type: 3}
      propertyPath: m_LocalRotation.x
      value: -0
      objectReference: {fileID: 0}
    - target: {fileID: 7826780997328615248, guid: 0b9d33af9809a234f939697151577620, type: 3}
      propertyPath: m_LocalRotation.y
      value: -0
      objectReference: {fileID: 0}
    - target: {fileID: 7826780997328615248, guid: 0b9d33af9809a234f939697151577620, type: 3}
      propertyPath: m_LocalRotation.z
      value: -0.0014714558
      objectReference: {fileID: 0}
    - target: {fileID: 7826780997328615248, guid: 0b9d33af9809a234f939697151577620, type: 3}
      propertyPath: m_LocalEulerAnglesHint.x
      value: 0
      objectReference: {fileID: 0}
    - target: {fileID: 7826780997328615248, guid: 0b9d33af9809a234f939697151577620, type: 3}
      propertyPath: m_LocalEulerAnglesHint.y
      value: 0
      objectReference: {fileID: 0}
    - target: {fileID: 7826780997328615248, guid: 0b9d33af9809a234f939697151577620, type: 3}
      propertyPath: m_LocalEulerAnglesHint.z
      value: 0
      objectReference: {fileID: 0}
    m_RemovedComponents: []
    m_RemovedGameObjects: []
    m_AddedGameObjects: []
    m_AddedComponents: []
  m_SourcePrefab: {fileID: 100100000, guid: 0b9d33af9809a234f939697151577620, type: 3}
--- !u!4 &6158906247750154521 stripped
Transform:
  m_CorrespondingSourceObject: {fileID: 7826780997328615248, guid: 0b9d33af9809a234f939697151577620, type: 3}
  m_PrefabInstance: {fileID: 4172192806243683913}
  m_PrefabAsset: {fileID: 0}
