%YAML 1.1
%TAG !u! tag:unity3d.com,2011:
--- !u!1 &7775902092721755329
GameObject:
  m_ObjectHideFlags: 0
  m_CorrespondingSourceObject: {fileID: 0}
  m_PrefabInstance: {fileID: 0}
  m_PrefabAsset: {fileID: 0}
  serializedVersion: 6
  m_Component:
  - component: {fileID: 1966279245602820659}
  - component: {fileID: 3209563310453727526}
  - component: {fileID: 5105122952006341248}
  - component: {fileID: 5939034819182814287}
  - component: {fileID: 7831680964021653398}
  - component: {fileID: 6868088180308148571}
  - component: {fileID: 6605994793853320988}
  - component: {fileID: 5840957583389178219}
  - component: {fileID: 8054603791917570562}
  - component: {fileID: 7669503384727637306}
  - component: {fileID: 5289919477776199147}
  m_Layer: 6
  m_Name: Warrior
  m_TagString: Player
  m_Icon: {fileID: 0}
  m_NavMeshLayer: 0
  m_StaticEditorFlags: 0
  m_IsActive: 1
--- !u!4 &1966279245602820659
Transform:
  m_ObjectHideFlags: 0
  m_CorrespondingSourceObject: {fileID: 0}
  m_PrefabInstance: {fileID: 0}
  m_PrefabAsset: {fileID: 0}
  m_GameObject: {fileID: 7775902092721755329}
  m_LocalRotation: {x: 0, y: 0, z: 0, w: 1}
  m_LocalPosition: {x: 4.53, y: -0.27804816, z: 1}
  m_LocalScale: {x: 1, y: 1, z: 10}
  m_ConstrainProportionsScale: 0
  m_Children:
  - {fileID: 7120341669635244904}
  - {fileID: 8203657042520173913}
  m_Father: {fileID: 0}
  m_RootOrder: 0
  m_LocalEulerAnglesHint: {x: 0, y: 0, z: 0}
--- !u!212 &3209563310453727526
SpriteRenderer:
  m_ObjectHideFlags: 0
  m_CorrespondingSourceObject: {fileID: 0}
  m_PrefabInstance: {fileID: 0}
  m_PrefabAsset: {fileID: 0}
  m_GameObject: {fileID: 7775902092721755329}
  m_Enabled: 1
  m_CastShadows: 0
  m_ReceiveShadows: 0
  m_DynamicOccludee: 1
  m_StaticShadowCaster: 0
  m_MotionVectors: 1
  m_LightProbeUsage: 1
  m_ReflectionProbeUsage: 1
  m_RayTracingMode: 0
  m_RayTraceProcedural: 0
  m_RenderingLayerMask: 1
  m_RendererPriority: 0
  m_Materials:
  - {fileID: 2100000, guid: a97c105638bdf8b4a8650670310a4cd3, type: 2}
  m_StaticBatchInfo:
    firstSubMesh: 0
    subMeshCount: 0
  m_StaticBatchRoot: {fileID: 0}
  m_ProbeAnchor: {fileID: 0}
  m_LightProbeVolumeOverride: {fileID: 0}
  m_ScaleInLightmap: 1
  m_ReceiveGI: 1
  m_PreserveUVs: 0
  m_IgnoreNormalsForChartDetection: 0
  m_ImportantGI: 0
  m_StitchLightmapSeams: 1
  m_SelectedEditorRenderState: 0
  m_MinimumChartSize: 4
  m_AutoUVMaxDistance: 0.5
  m_AutoUVMaxAngle: 89
  m_LightmapParameters: {fileID: 0}
  m_SortingLayerID: 0
  m_SortingLayer: 0
  m_SortingOrder: 0
  m_Sprite: {fileID: -2413806693520163455, guid: a86470a33a6bf42c4b3595704624658b, type: 3}
  m_Color: {r: 1, g: 0.2784314, b: 0.2784314, a: 1}
  m_FlipX: 0
  m_FlipY: 0
  m_DrawMode: 0
  m_Size: {x: 1, y: 1}
  m_AdaptiveModeThreshold: 0.5
  m_SpriteTileMode: 0
  m_WasSpriteAssigned: 1
  m_MaskInteraction: 0
  m_SpriteSortPoint: 0
--- !u!114 &5105122952006341248
MonoBehaviour:
  m_ObjectHideFlags: 0
  m_CorrespondingSourceObject: {fileID: 0}
  m_PrefabInstance: {fileID: 0}
  m_PrefabAsset: {fileID: 0}
  m_GameObject: {fileID: 7775902092721755329}
  m_Enabled: 1
  m_EditorHideFlags: 0
  m_Script: {fileID: 11500000, guid: 024ee466a05b11b4da474c7b848be659, type: 3}
  m_Name: 
  m_EditorClassIdentifier: 
  pInputAsset: {fileID: -944628639613478452, guid: 210de74cf06e3a349b37f9f7bc889038, type: 3}
  playerType: 0
--- !u!114 &5939034819182814287
MonoBehaviour:
  m_ObjectHideFlags: 0
  m_CorrespondingSourceObject: {fileID: 0}
  m_PrefabInstance: {fileID: 0}
  m_PrefabAsset: {fileID: 0}
  m_GameObject: {fileID: 7775902092721755329}
  m_Enabled: 1
  m_EditorHideFlags: 0
  m_Script: {fileID: 11500000, guid: 1c3da5e26df44984dbcd24f6774c9941, type: 3}
  m_Name: 
  m_EditorClassIdentifier: 
  onJStatsChange: {fileID: 11400000, guid: e15878c4b41f1d9498bf71af9c19a246, type: 2}
--- !u!114 &7831680964021653398
MonoBehaviour:
  m_ObjectHideFlags: 0
  m_CorrespondingSourceObject: {fileID: 0}
  m_PrefabInstance: {fileID: 0}
  m_PrefabAsset: {fileID: 0}
  m_GameObject: {fileID: 7775902092721755329}
  m_Enabled: 1
  m_EditorHideFlags: 0
  m_Script: {fileID: 11500000, guid: 8af6959954e436d40892e5c1cc9e6457, type: 3}
  m_Name: 
  m_EditorClassIdentifier: 
  speed: 3
--- !u!114 &6868088180308148571
MonoBehaviour:
  m_ObjectHideFlags: 0
  m_CorrespondingSourceObject: {fileID: 0}
  m_PrefabInstance: {fileID: 0}
  m_PrefabAsset: {fileID: 0}
  m_GameObject: {fileID: 7775902092721755329}
  m_Enabled: 1
  m_EditorHideFlags: 0
  m_Script: {fileID: 11500000, guid: d9cfb58d314707e4ea878bdbee96cc6e, type: 3}
  m_Name: 
  m_EditorClassIdentifier: 
  sword: {fileID: 6267505775308360145, guid: 56beaba9d123383429fccea8b1029827, type: 3}
  OnJStatsChange: {fileID: 11400000, guid: e15878c4b41f1d9498bf71af9c19a246, type: 2}
--- !u!114 &6605994793853320988
MonoBehaviour:
  m_ObjectHideFlags: 0
  m_CorrespondingSourceObject: {fileID: 0}
  m_PrefabInstance: {fileID: 0}
  m_PrefabAsset: {fileID: 0}
  m_GameObject: {fileID: 7775902092721755329}
  m_Enabled: 1
  m_EditorHideFlags: 0
  m_Script: {fileID: 11500000, guid: 7751cc1d6b7149c8b157b421a734fc52, type: 3}
  m_Name: 
  m_EditorClassIdentifier: 
  m_Inventory: {fileID: 0}
  onIndexChange: {fileID: 0}
  onInventoryUpdate: {fileID: 11400000, guid: 468c6e68949d6b34487ecc05fcb0282d, type: 2}
--- !u!114 &5840957583389178219
MonoBehaviour:
  m_ObjectHideFlags: 0
  m_CorrespondingSourceObject: {fileID: 0}
  m_PrefabInstance: {fileID: 0}
  m_PrefabAsset: {fileID: 0}
  m_GameObject: {fileID: 7775902092721755329}
  m_Enabled: 1
  m_EditorHideFlags: 0
  m_Script: {fileID: 11500000, guid: edd427227b8d5f74eab51f297a7087cd, type: 3}
  m_Name: 
  m_EditorClassIdentifier: 
  m_playerData: {fileID: 0}
  onJStatsChange: {fileID: 11400000, guid: e15878c4b41f1d9498bf71af9c19a246, type: 2}
  regen: 10
--- !u!50 &8054603791917570562
Rigidbody2D:
  serializedVersion: 4
  m_ObjectHideFlags: 0
  m_CorrespondingSourceObject: {fileID: 0}
  m_PrefabInstance: {fileID: 0}
  m_PrefabAsset: {fileID: 0}
  m_GameObject: {fileID: 7775902092721755329}
  m_BodyType: 0
  m_Simulated: 1
  m_UseFullKinematicContacts: 0
  m_UseAutoMass: 0
  m_Mass: 1
  m_LinearDrag: 3
  m_AngularDrag: 0
  m_GravityScale: 0
  m_Material: {fileID: 0}
  m_IncludeLayers:
    serializedVersion: 2
    m_Bits: 0
  m_ExcludeLayers:
    serializedVersion: 2
    m_Bits: 0
  m_Interpolate: 0
  m_SleepingMode: 1
  m_CollisionDetection: 0
  m_Constraints: 4
--- !u!58 &7669503384727637306
CircleCollider2D:
  m_ObjectHideFlags: 0
  m_CorrespondingSourceObject: {fileID: 0}
  m_PrefabInstance: {fileID: 0}
  m_PrefabAsset: {fileID: 0}
  m_GameObject: {fileID: 7775902092721755329}
  m_Enabled: 1
  m_Density: 1
  m_Material: {fileID: 0}
  m_IncludeLayers:
    serializedVersion: 2
    m_Bits: 0
  m_ExcludeLayers:
    serializedVersion: 2
    m_Bits: 0
  m_LayerOverridePriority: 0
  m_ForceSendLayers:
    serializedVersion: 2
    m_Bits: 4294967295
  m_ForceReceiveLayers:
    serializedVersion: 2
    m_Bits: 4294967295
  m_ContactCaptureLayers:
    serializedVersion: 2
    m_Bits: 4294967295
  m_CallbackLayers:
    serializedVersion: 2
    m_Bits: 4294967295
  m_IsTrigger: 0
  m_UsedByEffector: 0
  m_UsedByComposite: 0
  m_Offset: {x: 0, y: 0}
  serializedVersion: 2
  m_Radius: 0.5
--- !u!114 &5289919477776199147
MonoBehaviour:
  m_ObjectHideFlags: 0
  m_CorrespondingSourceObject: {fileID: 0}
  m_PrefabInstance: {fileID: 0}
  m_PrefabAsset: {fileID: 0}
  m_GameObject: {fileID: 7775902092721755329}
  m_Enabled: 1
  m_EditorHideFlags: 0
  m_Script: {fileID: 11500000, guid: 11f88517908f2624ea324759aeeccb28, type: 3}
  m_Name: 
  m_EditorClassIdentifier: 
  Event: {fileID: 11400000, guid: 28668bbc904cc4646a378cddfe51c709, type: 2}
  Response:
    m_PersistentCalls:
      m_Calls:
      - m_Target: {fileID: 5105122952006341248}
        m_TargetAssemblyTypeName: Jugador.JController, Assembly-CSharp
        m_MethodName: Unsubscribe
        m_Mode: 0
        m_Arguments:
          m_ObjectArgument: {fileID: 0}
          m_ObjectArgumentAssemblyTypeName: UnityEngine.Object, UnityEngine
          m_IntArgument: 0
          m_FloatArgument: 0
          m_StringArgument: 
          m_BoolArgument: 0
        m_CallState: 2
--- !u!1001 &2109779491043105289
PrefabInstance:
  m_ObjectHideFlags: 0
  serializedVersion: 2
  m_Modification:
    serializedVersion: 3
    m_TransformParent: {fileID: 1966279245602820659}
    m_Modifications:
    - target: {fileID: 1679281492223427060, guid: 0b9d33af9809a234f939697151577620, type: 3}
      propertyPath: m_Name
      value: Lantern Variant
      objectReference: {fileID: 0}
    - target: {fileID: 7826780997328615248, guid: 0b9d33af9809a234f939697151577620, type: 3}
      propertyPath: m_RootOrder
      value: -1
      objectReference: {fileID: 0}
    - target: {fileID: 7826780997328615248, guid: 0b9d33af9809a234f939697151577620, type: 3}
      propertyPath: m_LocalPosition.x
      value: 0
      objectReference: {fileID: 0}
    - target: {fileID: 7826780997328615248, guid: 0b9d33af9809a234f939697151577620, type: 3}
      propertyPath: m_LocalPosition.y
      value: 0
      objectReference: {fileID: 0}
    - target: {fileID: 7826780997328615248, guid: 0b9d33af9809a234f939697151577620, type: 3}
      propertyPath: m_LocalPosition.z
      value: 0
      objectReference: {fileID: 0}
    - target: {fileID: 7826780997328615248, guid: 0b9d33af9809a234f939697151577620, type: 3}
      propertyPath: m_LocalRotation.w
      value: 0.9999989
      objectReference: {fileID: 0}
    - target: {fileID: 7826780997328615248, guid: 0b9d33af9809a234f939697151577620, type: 3}
      propertyPath: m_LocalRotation.x
      value: -0
      objectReference: {fileID: 0}
    - target: {fileID: 7826780997328615248, guid: 0b9d33af9809a234f939697151577620, type: 3}
      propertyPath: m_LocalRotation.y
      value: -0
      objectReference: {fileID: 0}
    - target: {fileID: 7826780997328615248, guid: 0b9d33af9809a234f939697151577620, type: 3}
      propertyPath: m_LocalRotation.z
      value: -0.0014714558
      objectReference: {fileID: 0}
    - target: {fileID: 7826780997328615248, guid: 0b9d33af9809a234f939697151577620, type: 3}
      propertyPath: m_LocalEulerAnglesHint.x
      value: 0
      objectReference: {fileID: 0}
    - target: {fileID: 7826780997328615248, guid: 0b9d33af9809a234f939697151577620, type: 3}
      propertyPath: m_LocalEulerAnglesHint.y
      value: 0
      objectReference: {fileID: 0}
    - target: {fileID: 7826780997328615248, guid: 0b9d33af9809a234f939697151577620, type: 3}
      propertyPath: m_LocalEulerAnglesHint.z
      value: 0
      objectReference: {fileID: 0}
    m_RemovedComponents: []
    m_RemovedGameObjects: []
    m_AddedGameObjects: []
    m_AddedComponents: []
  m_SourcePrefab: {fileID: 100100000, guid: 0b9d33af9809a234f939697151577620, type: 3}
--- !u!4 &8203657042520173913 stripped
Transform:
  m_CorrespondingSourceObject: {fileID: 7826780997328615248, guid: 0b9d33af9809a234f939697151577620, type: 3}
  m_PrefabInstance: {fileID: 2109779491043105289}
  m_PrefabAsset: {fileID: 0}
--- !u!1001 &5562862946993766075
PrefabInstance:
  m_ObjectHideFlags: 0
  serializedVersion: 2
  m_Modification:
    serializedVersion: 3
    m_TransformParent: {fileID: 1966279245602820659}
    m_Modifications:
    - target: {fileID: 3450825376223968723, guid: 56beaba9d123383429fccea8b1029827, type: 3}
      propertyPath: m_RootOrder
      value: -1
      objectReference: {fileID: 0}
    - target: {fileID: 3450825376223968723, guid: 56beaba9d123383429fccea8b1029827, type: 3}
      propertyPath: m_LocalPosition.x
      value: 0.02
      objectReference: {fileID: 0}
    - target: {fileID: 3450825376223968723, guid: 56beaba9d123383429fccea8b1029827, type: 3}
      propertyPath: m_LocalPosition.y
      value: 0.931
      objectReference: {fileID: 0}
    - target: {fileID: 3450825376223968723, guid: 56beaba9d123383429fccea8b1029827, type: 3}
      propertyPath: m_LocalPosition.z
      value: 0.1
      objectReference: {fileID: 0}
    - target: {fileID: 3450825376223968723, guid: 56beaba9d123383429fccea8b1029827, type: 3}
      propertyPath: m_LocalRotation.w
      value: 0.92387956
      objectReference: {fileID: 0}
    - target: {fileID: 3450825376223968723, guid: 56beaba9d123383429fccea8b1029827, type: 3}
      propertyPath: m_LocalRotation.x
      value: 0
      objectReference: {fileID: 0}
    - target: {fileID: 3450825376223968723, guid: 56beaba9d123383429fccea8b1029827, type: 3}
      propertyPath: m_LocalRotation.y
      value: 0
      objectReference: {fileID: 0}
    - target: {fileID: 3450825376223968723, guid: 56beaba9d123383429fccea8b1029827, type: 3}
      propertyPath: m_LocalRotation.z
      value: 0.38268343
      objectReference: {fileID: 0}
    - target: {fileID: 3450825376223968723, guid: 56beaba9d123383429fccea8b1029827, type: 3}
      propertyPath: m_LocalEulerAnglesHint.x
      value: 0
      objectReference: {fileID: 0}
    - target: {fileID: 3450825376223968723, guid: 56beaba9d123383429fccea8b1029827, type: 3}
      propertyPath: m_LocalEulerAnglesHint.y
      value: 0
      objectReference: {fileID: 0}
    - target: {fileID: 3450825376223968723, guid: 56beaba9d123383429fccea8b1029827, type: 3}
      propertyPath: m_LocalEulerAnglesHint.z
      value: 45
      objectReference: {fileID: 0}
    - target: {fileID: 6267505775308360145, guid: 56beaba9d123383429fccea8b1029827, type: 3}
      propertyPath: m_Name
      value: Sword
      objectReference: {fileID: 0}
    m_RemovedComponents: []
    m_RemovedGameObjects: []
    m_AddedGameObjects: []
    m_AddedComponents: []
  m_SourcePrefab: {fileID: 100100000, guid: 56beaba9d123383429fccea8b1029827, type: 3}
--- !u!4 &7120341669635244904 stripped
Transform:
  m_CorrespondingSourceObject: {fileID: 3450825376223968723, guid: 56beaba9d123383429fccea8b1029827, type: 3}
  m_PrefabInstance: {fileID: 5562862946993766075}
  m_PrefabAsset: {fileID: 0}
